<record><leader>00000cas a2200000 a 4500</leader><controlfield tag="001">12150901</controlfield><controlfield tag="008">850613d18811922ohuwr ne      0    0eng c</controlfield><datafield ind1=" " ind2=" " tag="010"><subfield code="a">sn 85026312 </subfield></datafield><datafield ind1=" " ind2=" " tag="040"><subfield code="a">NPX</subfield><subfield code="b">eng</subfield><subfield code="c">NPX</subfield><subfield code="d">ONP</subfield><subfield code="d">MHN</subfield><subfield code="d">OCL</subfield><subfield code="d">OCLCQ</subfield><subfield code="d">OCLCF</subfield><subfield code="d">OCLCO</subfield></datafield><datafield ind1=" " ind2=" " tag="042"><subfield code="a">pcc</subfield></datafield><datafield ind1=" " ind2=" " tag="043"><subfield code="a">n-us-oh</subfield></datafield><datafield ind1="0" ind2=" " tag="130"><subfield code="a">Auglaize Republican (Wapakoneta, Ohio)</subfield></datafield><datafield ind1="1" ind2="0" tag="245"><subfield code="a">Auglaize Republican.</subfield></datafield><datafield ind1=" " ind2=" " tag="260"><subfield code="a">Wapakoneta, Ohio :</subfield><subfield code="b">Sutton &amp; McMurray,</subfield><subfield code="c">1881-1922.</subfield></datafield><datafield ind1=" " ind2=" " tag="300"><subfield code="a">v.</subfield></datafield><datafield ind1=" " ind2=" " tag="310"><subfield code="a">Weekly</subfield></datafield><datafield ind1="0" ind2=" " tag="362"><subfield code="a">Vol. 1, no. 1 (Aug. 18, 1881)-v. 1, no. 78 (Feb. 22, 1922).</subfield></datafield><datafield ind1=" " ind2="0" tag="651"><subfield code="a">Wapakoneta (Ohio)</subfield><subfield code="v">Newspapers.</subfield></datafield><datafield ind1=" " ind2="0" tag="651"><subfield code="a">Auglaize County (Ohio)</subfield><subfield code="v">Newspapers.</subfield></datafield><datafield ind1=" " ind2="7" tag="655"><subfield code="a">Newspapers.</subfield><subfield code="2">fast</subfield><subfield code="0">(OCoLC)fst01423814</subfield></datafield><datafield ind1=" " ind2="7" tag="651"><subfield code="a">Ohio</subfield><subfield code="z">Auglaize County.</subfield><subfield code="2">fast</subfield><subfield code="0">(OCoLC)fst01209435</subfield></datafield><datafield ind1=" " ind2="7" tag="651"><subfield code="a">Ohio</subfield><subfield code="z">Wapakoneta.</subfield><subfield code="2">fast</subfield><subfield code="0">(OCoLC)fst01222391</subfield></datafield><datafield ind1=" " ind2=" " tag="752"><subfield code="a">United States</subfield><subfield code="b">Ohio</subfield><subfield code="c">Auglaize</subfield><subfield code="d">Wapakoneta.</subfield></datafield><datafield ind1="0" ind2="0" tag="785"><subfield code="t">Daily Republican (Wapakoneta, Ohio)</subfield><subfield code="w">(DLC)sn 90068057</subfield><subfield code="w">(OCoLC)20969368</subfield></datafield></record>